@article{ wfc-report,
    author  = "Isaac Karth and Adam M. Smith",
    title   = "WaveFunctionCollapse is Constraint Solving in the Wild",
    journal = "Proceedings of FDG'17",
    issue_date = "August 2017",
    year = "2017",
    address = "Hyannis, MA, USA"
}
@article{genetic,
    author = {Valtchanov, Valtchan and Brown, Joseph},
    year = {2012},
    month = {06},
    pages = {},
    title = {Evolving dungeon crawler levels with relative placement},
    doi = {10.1145/2347583.2347587}
}
@misc{wfc-article,
    author = {Stephen Sherratt},
    year   = {2019},
    month  = {2},
    title  = {Procedural Generation with Wave Function Collapse},
    note   = {https://gridbugs.org/wave-function-collapse/}
}
@article{koning1981language,
    title={The language of the prairie: Frank Lloyd Wright's prairie houses},
    author={Koning, Hank and Eizenberg, Julie},
    journal={Environment and planning B: planning and design},
    volume={8},
    number={3},
    pages={295--323},
    year={1981},
    publisher={SAGE Publications Sage UK: London, England}
}
@article{ pcg-survey,
          author     = "Hendrikx, Mark and Meijer, Sebastiaan and Van Der Velden, Joeri and Iosup, Alexandru",
          title      = "Procedural Content Generation for Games: A Survey",
          journal    = "-",
          publisher  = "ACM Trans. Multimedia Comput. Commun. Appl.",
          issue_date = "February 2011",
          year       = "2011",
}
@article{ pcg-example,
          author     = "van der Linden, Roland and Lopes, Ricardo and Bidarra, Rafael",
          title      = "Procedural Generation of Dungeons",
          journal    = "IEEE Transactions on Computational Intelligence and AI in Games",
          volume     = "6",
          publisher  = "IEEE",
          issue_date = "November 2013",
          year       = "2013",
}